@article{firstOptSQL,
  author = {И. А. Иванов},
  title = {Оптимизация SQL-запросов в реляционных базах данных},
  journal = "Россия, Москва, Вычислительные системы",
  year = 2019,
  language = "russian",
}

@article{secondOptSQL,
  author = {А. С. Петров},
  title = {Сравнительный анализ методов оптимизации SQL-запросов в системах управления базами данных},
  journal = "Россия, Санкт-Петербург, Информационные технологии и вычислительные системы",
  year = 2018,
  language = "russian",
}

@article{thirdOptSQL,
  author = {B. Smith},
  title = {A Survey of SQL Query Optimization Methods},
  journal = "International Journal of Computer Applications",
  year = 2017,
  volume = 162,
  number = 5,
  pages = {28-33},
  language = "english",
}

@article{fourthOptSQL,
  author = {C. Johnson and D. Brown},
  title = {Optimizing SQL Queries for Performance: A Comprehensive Guide},
  journal = "International Journal of Advanced Computer Science and Applications",
  year = 2016,
  volume = 7,
  number = 1,
  pages = {50-57},
  language = "english",
}

@article{fifthOptSQL,
  author = {S. Kumar and P. Gupta},
  title = {Efficient Techniques for SQL Query Optimization: A Review},
  journal = "International Journal of Computer Science and Information Technologies",
  year = 2021,
  volume = 2,
  number = 1,
  pages = {73-77},
  language = "english",
}

@article{sixthOptSQL,
  author = {E. Rodriguez and M. Garcia},
  title = {SQL Query Optimization Techniques: A Comprehensive Review},
  journal = "International Journal of Computer Applications",
  year = 2018,
  volume = 187,
  number = 18,
  pages = {47-52},
  language = "english",
}

@article{seventhOptSQL,
  author = {Д. Н. Смирнов},
  title = {Классификация и анализ методов оптимизации SQL-запросов},
  journal = "Россия, Москва, Информационные технологии и вычислительные системы",
  year = 2020,
  language = "russian",
}

@article{eighthOptSQL,
  author = {J. Wang and Q. Li},
  title = {A Comparative Study of SQL Query Optimization Techniques},
  journal = "Journal of Computer and Communications",
  year = 2019,
  volume = 7,
  number = 2,
  pages = {11-21},
  language = "english",
}

@article{ninthOptSQL,
  author = {A. Patel and R. Shah},
  title = {A Survey on SQL Query Optimization Techniques},
  journal = "International Journal of Computer Applications",
  year = 2015,
  volume = 113,
  number = 15,
  pages = {20-26},
  language = "english",
}

@article{tenthOptSQL,
  author = {M. Johnson and L. Davis},
  title = {An Overview of SQL Query Optimization Techniques},
  journal = "International Journal of Computer Applications",
  year = 2017,
  volume = 156,
  number = 3,
  pages = {12-19},
  language = "english",
}

